@online{ sensity,
    title={Deepfake Detection},
    author={Sensity},
    url={https://sensity.ai/deepfake-detection/},
    year={2023}
}

@online{adobe,
title={Content Credentials for assets generated with Adobe Firefly},
author={Adobe},
url={https://helpx.adobe.com/firefly},
year={2023}}
}
@online{chatgpt,
title={New AI classifier for indicating AI-written text},
author={Jan Hendrik Kirchner and
Lama Ahmad
and Scott Aaronson
and Jan Leike},
url={https://openai.com/blog/new-ai-classifier-for-indicating-ai-written-text},
year={2023}}

@online{aiimpacts,
title={2022 Expert Survey on Progress in AI},
author={AI Impacts},
url={https://wiki.aiimpacts.org/doku.php?id=ai_timelines:predictions_of_human-level_ai_timelines:ai_timeline_surveys:2022_expert_survey_on_progress_in_ai},
year={2022}}

@online{aiharvardbusinessreview,
title={How Generative AI Could Disrupt Creative Work},
author={David De Cremer},
url={https://hbr.org/2023/04/how-generative-ai-could-disrupt-creative-work},
year={2023}}

@online{anthropocentric,
title={Defending humankind: Anthropocentric bias in the appreciation of AI art},
author={Kobe Millet and Florian Buehler and Guanzhong Du and Michail D. Kokkoris},
url={https://www.sciencedirect.com/science/article/pii/S0747563223000584},
year={2023}}

@online{gptzero,
title={GPTZero},
author={More than an AI detector
Preserve what's human.},
url={https://gptzero.me/},
year={2023}}

@online{midjourney,
title={Number of Midjourney Users and Statistics},
author={Aiyub Dawood},
url={https://www.mlyearning.org/midjourney-users-statistics/},
year={2023}}

@online{gptstatistics,
title={ChatGPT reaches 100 million users two months after launch},
author={Dan Milmo},
url={https://www.theguardian.com/technology/2023/feb/02/chatgpt-100-million-users-open-ai-fastest-growing-app},
year={2023}}

@online{fakespot,
title={Amazon convinced Apple to remove review detector Fakespot from the App Store},
author={Ian Sherr},
url={https://www.cnet.com/tech/mobile/amazon-convinced-apple-to-remove-review-detector-fakespot-from-the-app-store/},
year={2021}}

@online{lstm,
title={Understanding LSTM -- a tutorial into Long Short-Term Memory Recurrent Neural Networks},
author={Ralf C. Staudemeyer, Eric Rothstein Morris},
url={https://arxiv.org/abs/1909.09586},
year={2019}}

@online{cnn,
title={An Introduction to Convolutional Neural Networks},
author={Keiron O'Shea, Ryan Nash},
url={https://arxiv.org/abs/1511.08458},
year={2015}}

@online{rnn,
title={Recurrent Neural Networks (RNNs): A gentle Introduction and Overview},
author={Robin M. Schmidt},
url={https://arxiv.org/abs/1912.05911},
year={2019}}

@online{FFmpeg,
title={FFmpeg},
url={https://ffmpeg.org/},
year={2023}}

@online{gdpr,
title={GDPR Info},
url={https://gdpr-info.eu/},
year={2023}}

@online{custom,
title={Custom instructions for ChatGPT},
url={https://openai.com/blog/custom-instructions-for-chatgpt},
year={2023}}

@online{tpu,
title={Googleâ€™s Cloud TPU v4 provides exaFLOPS-scale ML with industry-leading efficiency},
url={https://cloud.google.com/blog/topics/systems/tpu-v4-enables-performance-energy-and-co2e-efficiency-gains},
year={2023}}

@online{nvidia,
title={Fueling High-Performance Computing with Full-Stack Innovation},
url={https://developer.nvidia.com/blog/fueling-high-performance-computing-with-full-stack-innovation/},
year={2022}}

@online{gpt4,
title={GPT-4 Technical Report},
url={https://arxiv.org/abs/2303.08774},
year={2023}}

@online{aiact,
title={EU AI Act: first regulation on artificial intelligence},
url={https://www.europarl.europa.eu/topics/en/article/20230601STO93804/eu-ai-act-first-regulation-on-artificial-intelligence#:~:text=Unacceptable%20risk%20AI%20systems%20are,encourage%20dangerous%20behaviour%20in%20children},
year={2023}}

@online{fol,
title={Pause Giant AI Experiments: An Open Letter},
url={https://futureoflife.org/open-letter/pause-giant-ai-experiments/},
year={2023}}

@online{attention,
title={Attention Is All You Need},
url={https://arxiv.org/abs/1706.03762},
year={2017}}

@online{huggingface,
title={LMSYS Chatbot Arena Leaderboard},
url={https://huggingface.co/spaces/lmsys/chatbot-arena-leaderboard},
year={2023}}

@online{sensityStudy,
title={An Investigation of the Effectiveness of Deepfake Models and Tools},
url={https://www.mdpi.com/2224-2708/12/4/61},
year={2023}}

@online{sensityBlog,
title={How to detect AI generated images with Sensity},
url={https://sensity.ai/blog/deepfake-detection/how-to-detect-ai-generated-im/#:~:text=Extensive%20Training%20Data%3A%20Sensity%20AI,generation%2C%20ensuring%20high%20detection%20accuracy.},
year={2023}}

@online{humbot,
title={Humanize AI Text And Get 100% Human Score},
url={https://humbot.ai/},
year={2024}}

@online{scaling,
title={Scaling Laws for Neural Language Models},
url={https://arxiv.org/abs/2001.08361},
year={2020}}

@online{opus,
title={Introducing the next generation of Claude},
url={https://www.anthropic.com/news/claude-3-family},
year={2024}}

@online{midjourney,
title={Midjourney},
url={https://www.midjourney.com/home},
year={2024}}

@online{cat,
title={What Is Stable Diffusion and How Does It Work?},
url={https://www.vegait.co.uk/media-center/knowledge-base/what-is-stable-diffusion-and-how-does-it-work},
year={2024}}

@online{genfunding,
title={Generative AI},
url={https://dealroom.co/guides/generative-ai},
year={2023}}

@online{convNN,
title={ImageNet Classification with Deep Convolutional
Neural Networks},
url={https://proceedings.neurips.cc/paper_files/paper/2012/file/c399862d3b9d6b76c8436e924a68c45b-Paper.pdf},
year={2012}}

@online{nano,
title={Nano},
url={https://nano.org/en},
year={2024}}